@article{treanor2015ai,
  title={AI-based game design patterns},
  author={Treanor, Mike and Zook, Alexander and Eladhari, Mirjam P and Togelius, Julian and Smith, Gillian and Cook, Michael and Thompson, Tommy and Magerko, Brian and Levine, John and Smith, Adam},
  year={2015},
  publisher={Society for the Advancement of Digital Games}
}

@article{Haworth2010,
 author = {Haworth, Robert and Bostani, Sousan Sheida Tagh and Sedig, Kamran},
 title = {Visualizing Decision Trees in Games to Support Children's Analytic Reasoning: Any Negative Effects on Gameplay?},
 journal = {Int. J. Comput. Games Technol.},
 issue_date = {January 2010},
 volume = {2010},
 month = jan,
 year = {2010},
 pages = {3:1--3:11},
 url = {http://dx.doi.org.ezproxy.falmouth.ac.uk/10.1155/2010/578784},
 doi = {10.1155/2010/578784},
 acmid = {1961536}
} 

@inproceedings{Isla2014,
 author = {Isla, Dami\'{a}n},
 title = {Third Eye Crime: Building a Stealth Game Around Occupancy Maps},
 booktitle = {Proceedings of the Ninth AAAI Conference on Artificial Intelligence and Interactive Digital Entertainment},
 series = {AIIDE'13},
 year = {2014},
 isbn = {1577356071, 978-1-57735-607-3},
 location = {Boston, MA, USA},
 pages = {206--206},
 numpages = {1},
 url = {http://dl.acm.org/citation.cfm?id=3014712.3014745},
 acmid = {3014745},
 publisher = {AAAI Press},
} 