@article{treanor2015ai,
  title={AI-based game design patterns},
  author={Treanor, Mike and Zook, Alexander and Eladhari, Mirjam P and Togelius, Julian and Smith, Gillian and Cook, Michael and Thompson, Tommy and Magerko, Brian and Levine, John and Smith, Adam},
  year={2015},
  publisher={Society for the Advancement of Digital Games}
}

@article{Haworth2010,
 author = {Haworth, Robert and Bostani, Sousan Sheida Tagh and Sedig, Kamran},
 title = {Visualizing Decision Trees in Games to Support Children's Analytic Reasoning: Any Negative Effects on Gameplay?},
 journal = {Int. J. Comput. Games Technol.},
 issue_date = {January 2010},
 volume = {2010},
 month = jan,
 year = {2010},
 pages = {3:1--3:11},
 url = {http://dx.doi.org.ezproxy.falmouth.ac.uk/10.1155/2010/578784},
 doi = {10.1155/2010/578784},
 acmid = {1961536}
} 
